@misc{ttinterfHFF,
url="https://cp3.irmp.ucl.ac.be/projects/madgraph/wiki/Models/ggHFullLoop",
}

@article{Pani:2017qyd,
      author         = "Pani, Priscilla and Polesello, Giacomo",
      title          = "{Dark matter production in association with a single top
                        quark at the LHC in a two Higgs doublet model with a
                        pseudoscalar mediator}",
      year           = "2017",
      eprint         = "1712.03874",
      archivePrefix  = "arXiv",
      primaryClass   = "hep-ph",
      SLACcitation   = "%%CITATION = ARXIV:1712.03874;%%"
}
@Article{Bauer:2017ota,
      author         = "Bauer, Martin and Haisch, Ulrich and Kahlhoefer, Felix",
      title          = "{Simplified dark matter models with two Higgs doublets:
                        I. Pseudoscalar mediators}",
      journal        = "JHEP",
      volume         = "05",
      year           = "2017",
      pages          = "138",
      doi            = "10.1007/JHEP05(2017)138",
      eprint         = "1701.07427",
      archivePrefix  = "arXiv",
      primaryClass   = "hep-ph",
      reportNumber   = "CERN-TH-2017-011, DESY-17-010",
      SLACcitation   = "%%CITATION = ARXIV:1701.07427;%%"
}
@Article{Haisch:2016gry,
      author         = "Haisch, Ulrich and Pani, Priscilla and Polesello,
                        Giacomo",
      title          = "{Determining the CP nature of spin-0 mediators in
                        associated production of dark matter and $ t\overline{t} $
                        pairs}",
      journal        = "JHEP",
      volume         = "02",
      year           = "2017",
      pages          = "131",
      doi            = "10.1007/JHEP02(2017)131",
      eprint         = "1611.09841",
      archivePrefix  = "arXiv",
      primaryClass   = "hep-ph",
      reportNumber   = "CERN-TH-2016-243",
      SLACcitation   = "%%CITATION = ARXIV:1611.09841;%%"
}

@article{Aaboud:2017hnm,
      author         = "Aaboud, Morad and others",
      title          = "{Search for Heavy Higgs Bosons $A/H$ Decaying to a Top
                        Quark Pair in $pp$ Collisions at $\sqrt{s}=8\text{ }\text{
                        }\mathrm{TeV}$ with the ATLAS Detector}",
      collaboration  = "ATLAS",
      journal        = "Phys. Rev. Lett.",
      volume         = "119",
      year           = "2017",
      number         = "19",
      pages          = "191803",
      doi            = "10.1103/PhysRevLett.119.191803",
      eprint         = "1707.06025",
      archivePrefix  = "arXiv",
      primaryClass   = "hep-ex",
      reportNumber   = "CERN-EP-2017-134",
      SLACcitation   = "%%CITATION = ARXIV:1707.06025;%%"
}

@article{Carena:2016npr,
      author         = "Carena, Marcela and Liu, Zhen",
      title          = "{Challenges and opportunities for heavy scalar searches
                        in the $ t\overline{t} $ channel at the LHC}",
      journal        = "JHEP",
      volume         = "11",
      year           = "2016",
      pages          = "159",
      doi            = "10.1007/JHEP11(2016)159",
      eprint         = "1608.07282",
      archivePrefix  = "arXiv",
      primaryClass   = "hep-ph",
      reportNumber   = "FERMILAB-PUB-16-262-T",
      SLACcitation   = "%%CITATION = ARXIV:1608.07282;%%"
}

