@article{Deshpande:1977rw,
      author         = "Deshpande, Nilendra G. and Ma, Ernest",
      title          = "{Pattern of Symmetry Breaking with Two Higgs Doublets}",
      journal        = "Phys. Rev.",
      volume         = "D18",
      year           = "1978",
      pages          = "2574",
      doi            = "10.1103/PhysRevD.18.2574",
      reportNumber   = "OITS-81",
      SLACcitation   = "%%CITATION = PHRVA,D18,2574;%%"
}

@article{Cao:2007rm,
      author         = "Cao, Qing-Hong and Ma, Ernest and Rajasekaran, G.",
      title          = "{Observing the Dark Scalar Doublet and its Impact on the
                        Standard-Model Higgs Boson at Colliders}",
      journal        = "Phys. Rev.",
      volume         = "D76",
      year           = "2007",
      pages          = "095011",
      doi            = "10.1103/PhysRevD.76.095011",
      eprint         = "0708.2939",
      archivePrefix  = "arXiv",
      primaryClass   = "hep-ph",
      reportNumber   = "UCRHEP-T437",
      SLACcitation   = "%%CITATION = ARXIV:0708.2939;%%"
}

@article{Barbieri:2006dq,
      author         = "Barbieri, Riccardo and Hall, Lawrence J. and Rychkov,
                        Vyacheslav S.",
      title          = "{Improved naturalness with a heavy Higgs: An Alternative
                        road to LHC physics}",
      journal        = "Phys.Rev.",
      volume         = "D74",
      pages          = "015007",
      doi            = "10.1103/PhysRevD.74.015007",
      year           = "2006",
      eprint         = "hep-ph/0603188",
      archivePrefix  = "arXiv",
      primaryClass   = "hep-ph",
      reportNumber   = "UCB-PTH-06-04, LBNL-59894",
      SLACcitation   = "%%CITATION = HEP-PH/0603188;%%",
}


@article{Ginzburg:2010wa,
      author         = "Ginzburg, I.F. and Kanishev, K.A. and Krawczyk, M. and
                        Sokolowska, D.",
      title          = "{Evolution of Universe to the present inert phase}",
      journal        = "Phys.Rev.",
      volume         = "D82",
      pages          = "123533",
      doi            = "10.1103/PhysRevD.82.123533",
      year           = "2010",
      eprint         = "1009.4593",
      archivePrefix  = "arXiv",
      primaryClass   = "hep-ph",
      SLACcitation   = "%%CITATION = ARXIV:1009.4593;%%",
}


@article{Dolle:2009ft,
      author         = "Dolle, Ethan and Miao, Xinyu and Su, Shufang and Thomas,
                        Brooks",
      title          = "{Dilepton Signals in the Inert Doublet Model}",
      journal        = "Phys.Rev.",
      volume         = "D81",
      pages          = "035003",
      doi            = "10.1103/PhysRevD.81.035003",
      year           = "2010",
      eprint         = "0909.3094",
      archivePrefix  = "arXiv",
      primaryClass   = "hep-ph",
      SLACcitation   = "%%CITATION = ARXIV:0909.3094;%%",
}




@article{Swiezewska:2012eh,
      author         = "Swiezewska, Bogumila and Krawczyk, Maria",
      title          = "{Diphoton rate in the inert doublet model with a 125 GeV
                        Higgs boson}",
      journal        = "Phys.Rev.",
      number         = "3",
      volume         = "D88",
      pages          = "035019",
      doi            = "10.1103/PhysRevD.88.035019",
      year           = "2013",
      eprint         = "1212.4100",
      archivePrefix  = "arXiv",
      primaryClass   = "hep-ph",
      reportNumber   = "IFT-9-2012",
      SLACcitation   = "%%CITATION = ARXIV:1212.4100;%%",
}

@article{Arhrib:2013ela,
      author         = "Arhrib, Abdesslam and Tsai, Yue-Lin Sming and Yuan, Qiang
                        and Yuan, Tzu-Chiang",
      title          = "{An Updated Analysis of Inert Higgs Doublet Model in
                        light of the Recent Results from LUX, PLANCK, AMS-02 and
                        LHC}",
      journal        = "JCAP",
      volume         = "1406",
      pages          = "030",
      doi            = "10.1088/1475-7516/2014/06/030",
      year           = "2014",
      eprint         = "1310.0358",
      archivePrefix  = "arXiv",
      primaryClass   = "hep-ph",
      SLACcitation   = "%%CITATION = ARXIV:1310.0358;%%",
}

@article{Krawczyk:2013jta,
      author         = "Krawczyk, Maria and Sokolowska, Dorota and Swaczyna,
                        Pawel and Swiezewska, Bogumila",
      title          = "{Constraining Inert Dark Matter by $R_{\gamma\gamma}$ and
                        WMAP data}",
      journal        = "JHEP",
      volume         = "1309",
      pages          = "055",
      doi            = "10.1007/JHEP09(2013)055",
      year           = "2013",
      eprint         = "1305.6266",
      archivePrefix  = "arXiv",
      primaryClass   = "hep-ph",
      reportNumber   = "IFT-5-2013",
      SLACcitation   = "%%CITATION = ARXIV:1305.6266;%%",
}

@article{Ilnicka:2015jba,
      author         = "Ilnicka, Agnieszka and Krawczyk, Maria and Robens, Tania",
      title          = "{Inert Doublet Model in light of LHC Run I and
                        astrophysical data}",
      journal        = "Phys. Rev.",
      volume         = "D93",
      year           = "2016",
      number         = "5",
      pages          = "055026",
      doi            = "10.1103/PhysRevD.93.055026",
      eprint         = "1508.01671",
      archivePrefix  = "arXiv",
      primaryClass   = "hep-ph",
      SLACcitation   = "%%CITATION = ARXIV:1508.01671;%%"
}

@article{Diaz:2015pyv,
      author         = "Diaz, Marco Aurelio and Koch, Benjamin and
                        Urrutia-Quiroga, Sebastian",
      title          = "{Constraints to Dark Matter from Inert Higgs Doublet
                        Model}",
      journal        = "Adv. High Energy Phys.",
      volume         = "2016",
      year           = "2016",
      pages          = "8278375",
      doi            = "10.1155/2016/8278375",
      eprint         = "1511.04429",
      archivePrefix  = "arXiv",
      primaryClass   = "hep-ph",
      SLACcitation   = "%%CITATION = ARXIV:1511.04429;%%"
}

@article{deFlorian:2016spz,
      author         = "de Florian, D. and others",
      title          = "{Handbook of LHC Higgs Cross Sections: 4. Deciphering the
                        Nature of the Higgs Sector}",
      collaboration  = "LHC Higgs Cross Section Working Group",
      doi            = "10.23731/CYRM-2017-002",
      year           = "2016",
      eprint         = "1610.07922",
      archivePrefix  = "arXiv",
      primaryClass   = "hep-ph",
      reportNumber   = "FERMILAB-FN-1025-T, CERN-2017-002-M",
      SLACcitation   = "%%CITATION = ARXIV:1610.07922;%%"
}


@article{Belyaev:2016lok,
      author         = "Belyaev, Alexander and Cacciapaglia, Giacomo and Ivanov,
                        Igor P. and Rojas, Felipe and Thomas, Marc",
      title          = "{Anatomy of the Inert Two Higgs Doublet Model in the
                        light of the LHC and non-LHC Dark Matter Searches}",
      year           = "2016",
      eprint         = "1612.00511",
      archivePrefix  = "arXiv",
      primaryClass   = "hep-ph",
      SLACcitation   = "%%CITATION = ARXIV:1612.00511;%%"
}

@article{Ilnicka:2017gab,
      author         = "Ilnicka, Agnieszka and Krawczyk, Maria and Robens, Tania
                        and Sokolowska, Dorota",
      title          = "{IDM and not only}",
      booktitle      = "{Proceedings, 16th Hellenic School and Workshops on
                        Elementary Particle Physics and Gravity (CORFU2016):
                        Corfu, Corfu Island, Greece}",
      journal        = "PoS",
      volume         = "CORFU2016",
      year           = "2017",
      pages          = "030",
      eprint         = "1705.00225",
      archivePrefix  = "arXiv",
      primaryClass   = "hep-ph",
      SLACcitation   = "%%CITATION = ARXIV:1705.00225;%%"
}

@article{Eiteneuer:2017hoh,
      author         = "Eiteneuer, Benedikt and Goudelis, Andreas and Heisig,
                        Jan",
      title          = "{The inert doublet model in the light of Fermi-LAT
                        gamma-ray data: a global fit analysis}",
      journal        = "Eur. Phys. J.",
      volume         = "C77",
      year           = "2017",
      number         = "9",
      pages          = "624",
      doi            = "10.1140/epjc/s10052-017-5166-1",
      eprint         = "1705.01458",
      archivePrefix  = "arXiv",
      primaryClass   = "hep-ph",
      reportNumber   = "TTK-17-12",
      SLACcitation   = "%%CITATION = ARXIV:1705.01458;%%"
}

@article{Goudelis:2013uca,
      author         = "Goudelis, A. and Herrmann, B. and Stal, O.",
      title          = "{Dark matter in the Inert Doublet Model after the
                        discovery of a Higgs-like boson at the LHC}",
      journal        = "JHEP",
      volume         = "1309",
      pages          = "106",
      doi            = "10.1007/JHEP09(2013)106",
      year           = "2013",
      eprint         = "1303.3010",
      archivePrefix  = "arXiv",
      primaryClass   = "hep-ph",
      reportNumber   = "LAPTH-006-13",
      SLACcitation   = "%%CITATION = ARXIV:1303.3010;%%",
}
@article{Gustafsson:2012aj,
      author         = "Gustafsson, Michael and Rydbeck, Sara and Lopez-Honorez,
                        Laura and Lundstrom, Erik",
      title          = "{Status of the Inert Doublet Model and the Role of
                        multileptons at the LHC}",
      journal        = "Phys.Rev.",
      volume         = "D86",
      pages          = "075019",
      doi            = "10.1103/PhysRevD.86.075019",
      year           = "2012",
      eprint         = "1206.6316",
      archivePrefix  = "arXiv",
      primaryClass   = "hep-ph",
      reportNumber   = "DESY-11-261, ULB-TH-12-08",
      SLACcitation   = "%%CITATION = ARXIV:1206.6316;%%",
}


@article{Hashemi:2015swh,
      author         = "Hashemi, Majid and Krawczyk, Maria and Najjari, Saereh
                        and Å»arnecki, Aleksander F.",
      title          = "{Production of Inert Scalars at the high energy $e^+ e^-$
                        colliders}",
      year           = "2015",
      doi            = "10.1007/JHEP02(2016)187",
      note           = "[JHEP02,187(2016)]",
      eprint         = "1512.01175",
      archivePrefix  = "arXiv",
      primaryClass   = "hep-ph",
      SLACcitation   = "%%CITATION = ARXIV:1512.01175;%%"
}

@article{Poulose:2016lvz,
      author         = "Poulose, P. and Sahoo, Shibananda and Sridhar, K.",
      title          = "{Exploring the Inert Doublet Model through the dijet plus
                        missing transverse energy channel at the LHC}",
      journal        = "Phys. Lett.",
      volume         = "B765",
      year           = "2017",
      pages          = "300-306",
      doi            = "10.1016/j.physletb.2016.12.022",
      eprint         = "1604.03045",
      archivePrefix  = "arXiv",
      primaryClass   = "hep-ph",
      reportNumber   = "TIFR-TH-16-13",
      SLACcitation   = "%%CITATION = ARXIV:1604.03045;%%"
}

@article{Datta:2016nfz,
      author         = "Datta, Amitava and Ganguly, Nabanita and Khan, Najimuddin
                        and Rakshit, Subhendu",
      title          = "{Exploring collider signatures of the inert Higgs doublet
                        model}",
      journal        = "Phys. Rev.",
      volume         = "D95",
      year           = "2017",
      number         = "1",
      pages          = "015017",
      doi            = "10.1103/PhysRevD.95.015017",
      eprint         = "1610.00648",
      archivePrefix  = "arXiv",
      primaryClass   = "hep-ph",
      SLACcitation   = "%%CITATION = ARXIV:1610.00648;%%"
}

@article{Hashemi:2016wup,
      author         = "Hashemi, Majid and Najjari, Saereh",
      title          = "{Observability of Inert Scalars at the LHC}",
      journal        = "Eur. Phys. J.",
      volume         = "C77",
      year           = "2017",
      number         = "9",
      pages          = "592",
      doi            = "10.1140/epjc/s10052-017-5159-0",
      eprint         = "1611.07827",
      archivePrefix  = "arXiv",
      primaryClass   = "hep-ph",
      SLACcitation   = "%%CITATION = ARXIV:1611.07827;%%"
}

@article{Belanger:2015kga,
      author         = "Belanger, Genevieve and Dumont, Beranger and Goudelis,
                        Andreas and Herrmann, Bjorn and Kraml, Sabine and
                        Sengupta, Dipan",
      title          = "{Dilepton constraints in the Inert Doublet Model from Run
                        1 of the LHC}",
      journal        = "Phys. Rev.",
      volume         = "D91",
      year           = "2015",
      number         = "11",
      pages          = "115011",
      doi            = "10.1103/PhysRevD.91.115011",
      eprint         = "1503.07367",
      archivePrefix  = "arXiv",
      primaryClass   = "hep-ph",
      reportNumber   = "LAPTH-015-15, CTPU-15-04, LPSC-15084",
      SLACcitation   = "%%CITATION = ARXIV:1503.07367;%%"
}

@article{Akerib:2016vxi,
      author         = "Akerib, D. S. and others",
      title          = "{Results from a search for dark matter in the complete
                        LUX exposure}",
      collaboration  = "LUX",
      journal        = "Phys. Rev. Lett.",
      volume         = "118",
      year           = "2017",
      number         = "2",
      pages          = "021303",
      doi            = "10.1103/PhysRevLett.118.021303",
      eprint         = "1608.07648",
      archivePrefix  = "arXiv",
      primaryClass   = "astro-ph.CO",
      SLACcitation   = "%%CITATION = ARXIV:1608.07648;%%"
}
